@incollection{goutal2018uncertainty,
  title={Uncertainty Quantification for River Flow Simulation Applied to a Real Test Case: The Garonne Valley},
  author={Goutal, Nicole and Goeury, Cedric and Ata, Riadh and Ricci, Sophie and El Mocayd, Nabil and Rochoux, M and Oubanas, Hind and Gejadze, Igor and Malaterre, Pierre-Olivier},
  booktitle={Advances in Hydroinformatics},
  pages={169--187},
  year={2018},
  publisher={Springer}
}
